
@comment{generated using bibexport:
  creation date:	mié 25 mar 2020 18:59:57 -03
  command:		bibexport -a -p sec.bib
  source files:					
  list of keys:        "alvarenga, DK",
  number of entries:    2,
}



@book{alvarenga,
  address =       {México, D.F.},
  author =        {Máximo, Antônio and Alvarenga, Beatriz},
  edition =       {IV},
  month =         {},
  publisher =     {Oxford University Press},
  title =         {Física General con experimentos sencillos},
  year =          {2008},
  isbn =	  {978-970-613-147-8},
}

@article{DK,
  author =        {Dasfsfd and Knuth and lala},
  journal =       {Otro más},
  month =         oct,
  number =        {1},
  pages =         {343-334},
  title =         {lalalala},
  volume =        {10},
  year =          {1978},
}
