% para subcategorias ver manual de biblatex 3.13.4, muy útil
    %author  = {Antônio Máximo Riberio da Luz \& Beatriz Alvarenga Álvares}
@book{alvarenga,
    author  = {Máximo, Antônio and Alvarenga, Beatriz},
    title   = {Física General con experimentos sencillos},
    publisher = {Oxford University Press},
    address = {México, D.F.},
    edition = {IV},
    month = {},
    year  = 2008,
    isbn  =  {978-970-613-147-8},
    keyword = {papel},
}

@article{DK,
  author  = {Dasfsfd and Knuth and lala},
  title	  = {lalalala},
  journal = {Otro más},
  volume  = 10,
  number  = 1,
  pages	= {343-334},
  month	= oct,
  year	= 1978,
}

@misc{ w:sr,
       author = {Wikipedia},
       title = {Sistema de referencia --- Wikipedia{,} La enciclopedia libre},
       year = {2020},
       url =
       {https://es.wikipedia.org/wiki/Sistema_de_referencia},
       %url = {https://es.wikipedia.org/w/index.php?title=Sistema_de_referencia&oldid=124569576},
       note = {Internet; descargado 30-marzo-2020},
       keyword = {online},
}

@misc{coca:ytb,
  author  = {Coca, Sebastián},
  title = {Inicio},
  titleaddon  = {Canal de YouTube},
  %note  = {Sebastián Coca},
  year	= {n.d.},
  url = 
  {https://www.youtube.com/channel/UCb27bcKR0btbnLtrd9nsXwg/},
  keyword = {online},
}
      
